    @article{gilda2020astronomical,
        title={Astronomical Image Quality Prediction based on Environmental and Telescope Operating Conditions},
        author={Gilda, Sankalp and Ting, Yuan-Sen and Withington, Kanoa and Wilson, Matthew and Prunet, Simon and Mahoney, William and Fabbro, Sebastien and Draper, Stark C and Sheinis, Andrew},
        journal={arXiv preprint arXiv:2011.03132},
        year={2020}
    }
    @MISC{JavatpointClassificationAlgImage,
        author = {{Javatpoint}},
        title = {classification algorithm in machine learning},
        url = {https://static.javatpoint.com/tutorial/machine-learning/images/classification-algorithm-in-machine-learning.png}
    }
    @MISC{DavidFumoRegression,
        author = {{David Fumo, Medium}},
        title = {Linear Regression - Intro to Machine Learning},
        url = {https://miro.medium.com/max/1200/1*iuqVEjdtEMY8oIu3cGwC1g.png}
    }
    @MISC{AlFahriz,
        author = {{Al Fahriz, Medium}},
        title = {Mengenal Jenis Pembelajaran Mesin Supervised Learning dan Unsupervised Learning},
        url = {https://medium.com/kelompok1/mengenal-jenis-pembelajaran-mesin-supervised-learning-dan-unsupervised-learning-c588881e8ef5}
    }
    @MISC{TWDSReinforcementLearning,
        author = {{John Cao, Towards Data Science}},
        title = {Reinforcement Learning 101},
        url = {https://towardsdatascience.com/reinforcement-learning-101-e24b50e1d292}
    }
